<record><leader>00000cas a2200000 a 4500</leader><controlfield tag="001">18608978</controlfield><controlfield tag="008">881014d1876192uiluwr ne      0   a0eng c</controlfield><controlfield tag="009">5569</controlfield><datafield ind1=" " ind2=" " tag="010"><subfield code="a">sn 88061249 </subfield></datafield><datafield ind1=" " ind2=" " tag="040"><subfield code="a">KNP</subfield><subfield code="b">eng</subfield><subfield code="c">KNP</subfield><subfield code="d">NVF</subfield><subfield code="d">KNP</subfield><subfield code="d">NVF</subfield><subfield code="d">OCLCO</subfield><subfield code="d">OCLCF</subfield></datafield><datafield ind1="1" ind2=" " tag="029"><subfield code="a">AU@</subfield><subfield code="b">000020668048</subfield></datafield><datafield ind1=" " ind2=" " tag="042"><subfield code="a">pcc</subfield></datafield><datafield ind1=" " ind2=" " tag="043"><subfield code="a">n-us-il</subfield></datafield><datafield ind1="0" ind2="0" tag="245"><subfield code="a">Tolono weekly herald.</subfield></datafield><datafield ind1="1" ind2="3" tag="246"><subfield code="a">Tolono herald</subfield><subfield code="f">&lt;Apr. 15, 1895-Mar. 25, 1927&gt;</subfield></datafield><datafield ind1=" " ind2=" " tag="260"><subfield code="a">Tolono, Ill. :</subfield><subfield code="b">E.B. Chapin,</subfield><subfield code="c">1876-[192-?].</subfield></datafield><datafield ind1=" " ind2=" " tag="300"><subfield code="a">v.</subfield></datafield><datafield ind1=" " ind2=" " tag="310"><subfield code="a">Weekly</subfield></datafield><datafield ind1="1" ind2=" " tag="362"><subfield code="a">Began in 1876?</subfield></datafield><datafield ind1=" " ind2=" " tag="588"><subfield code="a">Description based on: Vol. 3, no. 44 (Feb. 8, 1878) = whole no. 148.</subfield></datafield><datafield ind1=" " ind2=" " tag="588"><subfield code="a">Latest issue consulted: Vol. 51, no. 52 (Mar. 25, 1927).</subfield></datafield><datafield ind1=" " ind2="0" tag="651"><subfield code="a">Tolono (Ill.)</subfield><subfield code="v">Newspapers.</subfield></datafield><datafield ind1=" " ind2="7" tag="655"><subfield code="a">Newspapers.</subfield><subfield code="2">fast</subfield><subfield code="0">(OCoLC)fst01423814</subfield></datafield><datafield ind1=" " ind2="7" tag="651"><subfield code="a">Illinois</subfield><subfield code="z">Tolono.</subfield><subfield code="2">fast</subfield><subfield code="0">(OCoLC)fst01246741</subfield></datafield><datafield ind1=" " ind2=" " tag="752"><subfield code="a">United States</subfield><subfield code="b">Illinois</subfield><subfield code="c">Champaign</subfield><subfield code="d">Tolono.</subfield></datafield><datafield ind1="0" ind2="0" tag="780"><subfield code="t">Tolono herald (Tolono, Ill. : 1875)</subfield><subfield code="w">(DLC)sn 88061248</subfield><subfield code="w">(OCoLC)18608854</subfield></datafield><datafield ind1="0" ind2="0" tag="785"><subfield code="t">Tolono herald (Tolono, Ill. : 1928)</subfield><subfield code="w">(DLC)sn 88061250</subfield><subfield code="w">(OCoLC)18609064</subfield></datafield></record>